@article{song2016dynamic,
  title={Dynamic modeling of cascading failure in power systems},
  author={Song, Jiajia and Cotilla-Sanchez, Eduardo and Ghanavati, Goodarz and Hines, Paul DH},
  journal={IEEE Transactions on Power Systems},
  volume={31},
  number={3},
  pages={2085--2095},
  year={2016},
  publisher={IEEE}
}
@article{stolz2017persistent,
	title={Persistent homology of time-dependent functional networks constructed from coupled time series},
	author={Stolz, Bernadette J and Harrington, Heather A and Porter, Mason A},
	journal={Chaos: An Interdisciplinary Journal of Nonlinear Science},
	volume={27},
	number={4},
	pages={047410},
	year={2017},
	publisher={AIP Publishing}
}
@book{bossomaier2016introduction,
	title={An introduction to transfer entropy: information flow in complex systems},
	author={Bossomaier, Terry and Barnett, Lionel and Harr{\'e}, Michael and Lizier, Joseph T},
	year={2016},
	publisher={Springer}
}
@article{opsahl2013triadic,
	title={Triadic closure in two-mode networks: Redefining the global and local clustering coefficients},
	author={Opsahl, Tore},
	journal={Social Networks},
	volume={35},
	number={2},
	pages={159--167},
	year={2013},
	publisher={Elsevier}
}
@article{kavitha2009cycle,
	title={Cycle bases in graphs characterization, algorithms, complexity, and applications},
	author={Kavitha, Telikepalli and Liebchen, Christian and Mehlhorn, Kurt and Michail, Dimitrios and Rizzi, Romeo and Ueckerdt, Torsten and Zweig, Katharina A},
	journal={Computer Science Review},
	volume={3},
	number={4},
	pages={199--243},
	year={2009},
	publisher={Elsevier}
}